<?xml version="1.0" encoding="UTF-8"?><collection xmlns="http://www.loc.gov/MARC21/slim"><record><leader>00480nam--2200181-i-4500</leader><controlfield tag="001">000020868</controlfield><controlfield tag="002">20161230</controlfield><controlfield tag="005">20161230201033</controlfield><controlfield tag="008">060222s1000------------r-----000-0-rum-d</controlfield><datafield ind1=" " ind2=" " tag="040"><subfield code="a">IFIN-HH</subfield></datafield><datafield ind1=" " ind2=" " tag="041"><subfield code="a">rum</subfield></datafield><datafield ind1=" " ind2=" " tag="080"><subfield code="a">531.1(076)</subfield></datafield><datafield ind1="1" ind2=" " tag="100"><subfield code="a">Hegedus, Attila</subfield></datafield><datafield ind1="1" ind2="0" tag="245"><subfield code="a">Probleme de mecanica</subfield><subfield code="b">Statica si cinematica</subfield><subfield code="c">Attila Hegedus, Doina Dragulescu</subfield></datafield><datafield ind1=" " ind2=" " tag="260"><subfield code="a">Timisoara, Editura Facla, 1989</subfield></datafield><datafield ind1=" " ind2=" " tag="300"><subfield code="a">228 P</subfield></datafield><datafield ind1=" " ind2=" " tag="852"><subfield code="a">78980</subfield><subfield code="c">531</subfield></datafield><datafield ind1=" " ind2=" " tag="CAT"><subfield code="a">Sys</subfield><subfield code="c">20100708</subfield><subfield code="h">135210</subfield></datafield></record></collection>